%% This BibTeX bibliography file was created using BibDesk.
%% http://bibdesk.sourceforge.net/


%% Created for RaphaÃ«l Alexandre at 2016-02-08 14:15:02 +0100 


%% Saved with string encoding Unicode (UTF-8) 



@book{Milnor1973,
	Author = {John W. Milnor},
	Date-Added = {2016-02-08 12:47:16 +0000},
	Date-Modified = {2016-02-08 12:48:17 +0000},
	Publisher = {Princeton University Press},
	Title = {Mose Theory},
	Year = {1973}}
